[gd_scene load_steps=6 format=3 uid="uid://b80hav73n01aj"]

[ext_resource type="Script" path="res://scripts/board.gd" id="1_fh27o"]

[sub_resource type="CylinderMesh" id="CylinderMesh_gucy1"]
top_radius = 20.0
bottom_radius = 20.0
height = 1.0

[sub_resource type="CylinderShape3D" id="CylinderShape3D_q4jt1"]
height = 1.0
radius = 15.0

[sub_resource type="CylinderShape3D" id="CylinderShape3D_em2b8"]
height = 1.0
radius = 15.0

[sub_resource type="SphereShape3D" id="SphereShape3D_xj75h"]
margin = 1.272
radius = 20.0

[node name="Node" type="Node3D"]
script = ExtResource("1_fh27o")

[node name="MeshInstance3D" type="MeshInstance3D" parent="."]
mesh = SubResource("CylinderMesh_gucy1")
skeleton = NodePath("../Board")

[node name="Area" type="Area3D" parent="."]
collision_mask = 4

[node name="Hitbox" type="CollisionShape3D" parent="Area"]
shape = SubResource("CylinderShape3D_q4jt1")

[node name="Board" type="RigidBody3D" parent="."]
disable_mode = 2
collision_mask = 4
axis_lock_linear_x = true
axis_lock_linear_y = true
axis_lock_linear_z = true
axis_lock_angular_x = true
axis_lock_angular_y = true
axis_lock_angular_z = true
mass = 10.0
gravity_scale = 0.0

[node name="Hitbox" type="CollisionShape3D" parent="Board"]
shape = SubResource("CylinderShape3D_em2b8")

[node name="Bounds" type="Area3D" parent="."]
collision_mask = 2

[node name="Hitbox" type="CollisionShape3D" parent="Bounds"]
shape = SubResource("SphereShape3D_xj75h")

[connection signal="body_entered" from="Area" to="." method="_on_area_body_entered"]
[connection signal="body_exited" from="Bounds" to="." method="_on_bounds_body_exited"]
