[gd_scene load_steps=8 format=3 uid="uid://bkw8dn576ymkb"]

[ext_resource type="Script" path="res://scripts/start_screen.gd" id="1_pjdd4"]

[sub_resource type="StandardMaterial3D" id="StandardMaterial3D_4ha0u"]
albedo_color = Color(1, 0.172549, 1, 1)
metallic = 0.75
metallic_specular = 0.25

[sub_resource type="BoxMesh" id="BoxMesh_mreg6"]
material = SubResource("StandardMaterial3D_4ha0u")
size = Vector3(2, 1.5, 1)

[sub_resource type="BoxShape3D" id="BoxShape3D_2ltat"]
size = Vector3(2.5, 2.5, 5)

[sub_resource type="BoxMesh" id="BoxMesh_rrf2u"]
size = Vector3(2, 1.5, 1)

[sub_resource type="Sky" id="Sky_q1afn"]

[sub_resource type="Environment" id="Environment_utphv"]
background_color = Color(0.92771, 0.120623, 0.104184, 1)
sky = SubResource("Sky_q1afn")

[node name="StartScreen" type="Node3D"]
script = ExtResource("1_pjdd4")

[node name="Start_Label" type="Label3D" parent="."]
transform = Transform3D(1, 0, 0, 0, 1, 0, 0, 0, 1, 0, 8, 10)
text = "BJR BVN SUR LE JEU"
font_size = 250

[node name="NodeStart" type="Node3D" parent="."]
transform = Transform3D(1, 0, 0, 0, 1, 0, 0, 0, 1, 0, 5, 10)

[node name="TextSingle" type="Label3D" parent="NodeStart"]
transform = Transform3D(1, 0, 0, 0, 1, 0, 0, 0, 1, -1, 0.5, 3)
text = "CLIQUE PR JOUER EN MONO =>>>"

[node name="TextMulti" type="Label3D" parent="NodeStart"]
transform = Transform3D(1, 0, 0, 0, 1, 0, 0, 0, 1, 1, -0.5, 3)
text = "<<<= CLIQUE PR JOUER EN MULTI"

[node name="ButtonSingle" type="MeshInstance3D" parent="NodeStart"]
transform = Transform3D(1, 0, 0, 0, 1, 0, 0, 0, 1, 4, 1, 0)
mesh = SubResource("BoxMesh_mreg6")
skeleton = NodePath(".")

[node name="Area_Button_Mono" type="Area3D" parent="NodeStart/ButtonSingle"]
collision_layer = 16
collision_mask = 0

[node name="Hitbox" type="CollisionShape3D" parent="NodeStart/ButtonSingle/Area_Button_Mono"]
shape = SubResource("BoxShape3D_2ltat")

[node name="ButtonMulti" type="MeshInstance3D" parent="NodeStart"]
transform = Transform3D(1, 0, 0, 0, 1, 0, 0, 0, 1, -4, -1, 0)
mesh = SubResource("BoxMesh_rrf2u")

[node name="Area_Button_Multi" type="Area3D" parent="NodeStart/ButtonMulti"]
collision_layer = 16
collision_mask = 0

[node name="Hitbox" type="CollisionShape3D" parent="NodeStart/ButtonMulti/Area_Button_Multi"]
shape = SubResource("BoxShape3D_2ltat")

[node name="Camera3D" type="Camera3D" parent="."]
transform = Transform3D(1, 0, 0, 0, 1, 0, 0, 0, 1, 0, 5.5, 15)
environment = SubResource("Environment_utphv")

[node name="Light" type="DirectionalLight3D" parent="."]
transform = Transform3D(0.652707, 0.32018, -0.686628, -0.170206, 0.945112, 0.278915, 0.738244, -0.0651815, 0.671378, 0, 10, 5)
sky_mode = 1

[connection signal="input_event" from="NodeStart/ButtonSingle/Area_Button_Mono" to="." method="_on_area_button_mono_input_event"]
[connection signal="input_event" from="NodeStart/ButtonMulti/Area_Button_Multi" to="." method="_on_area_button_multi_input_event"]
